<?xml version="1.0" encoding="UTF-8"?><collection><record><leader>06263ntm a2200493 a 4500</leader><controlfield tag="001">006818023</controlfield><controlfield tag="003">MiAaHDL</controlfield><controlfield tag="005">20190719000000.0</controlfield><controlfield tag="006">m        d        </controlfield><controlfield tag="007">cr bn ---auaua</controlfield><controlfield tag="008">090612m15uu1640xx            00| ||per d</controlfield><datafield tag="035" ind1=" " ind2=" "><subfield code="a">(MiU)006818023</subfield></datafield><datafield tag="035" ind1=" " ind2=" "><subfield code="a">sdr-miu006818023</subfield></datafield><datafield tag="040" ind1=" " ind2=" "><subfield code="a">MiU</subfield><subfield code="c">MiU</subfield><subfield code="e">amremm</subfield></datafield><datafield tag="041" ind1="0" ind2=" "><subfield code="a">per</subfield><subfield code="a">ota</subfield></datafield><datafield tag="043" ind1=" " ind2=" "><subfield code="a">n-us-mi</subfield></datafield><datafield tag="245" ind1="0" ind2="0"><subfield code="6">880-03</subfield><subfield code="a">Mecmua-yi eş'ar ve enva-yi hutut,</subfield><subfield code="f">[16th to early 17th century].</subfield></datafield><datafield tag="260" ind1=" " ind2=" "><subfield code="c">[15-- to 1640].</subfield></datafield><datafield tag="300" ind1=" " ind2=" "><subfield code="a">112 leaves :</subfield><subfield code="b">paper ;</subfield><subfield code="c">198 x 130 mm.</subfield></datafield><datafield tag="500" ind1=" " ind2=" "><subfield code="a">Shelfmark: Ann Arbor, University of Michigan, Special Collections Library, Isl. Ms. 356</subfield></datafield><datafield tag="500" ind1=" " ind2=" "><subfield code="a">Origin: Lacks dated colophon ; paper would suggest 16th or perhaps early 17th century ; dated calligraphic inscriptions (see p.9 and 11) provide terminus ante quem of 1640.</subfield></datafield><datafield tag="500" ind1=" " ind2=" "><subfield code="a">Former shelfmark: "264" inscribed in pencil on added leaf (p.5) ; "394 T. De M. [i.e. Tammaro De Marinis]" inscribed in pencil on added leaf (p.6).</subfield></datafield><datafield tag="500" ind1=" " ind2=" "><subfield code="a">Binding: Pasteboards covered in dark brown leather ; Type III binding (without flap) ; board linings (doublures) in comb marbled paper (mainly in pink, blue, black, and yellow) ; upper and lower covers carry blind-stamped scalloped mandorla (filled with vegetal composition, compare Déroche class. OAi) with gold-painted accents and tooled border ; sewn in dark blue thread, two stations ; worked chevron endbands in blue and yellow, fair condition ; overall in somewhat poor condition with abrasion, staining, lifting and losses of leather, etc. ; housed in box for protection.</subfield></datafield><datafield tag="500" ind1=" " ind2=" "><subfield code="a">Support: non-European (perhaps Persian) and European laid papers of several types ; added leaves in a type with 9 laid lines per cm. (vertical), chain lines spaced 26-27 mm. apart (horizontal) and crown-star-crescent watermark (see p.8, 10, 11, etc.), cream in color, sturdy and burnished ; main type with 10 laid lines per cm. (vertical), chain lines spaced 28-30 mm. apart (horizontal), and angel with wings (in circle) watermark (see p.170-171, etc.), thin but quite sturdy ; many leaves tinted (pink, etc.) and interspersed with silhouette or shadowed paper decorated in exquisite vegetal-floral (see pp.20, 33, 41, 51, 69, 165, etc.) and even textual (see p.31) compositions (some outlined or filled in ink or gold) ; to occasional leaves marbled or other decorative papers have been applied (see pp.72, 80, 91-92, 124, 125, etc.).</subfield></datafield><datafield tag="500" ind1=" " ind2=" "><subfield code="a">Decoration: Elegant illuminated headpiece at opening on p.20 consisting of large rectangular piece with empty gold cartouche surrounded by swirling floral vegetal accents in gold, red, white, pink, blue, etc. on grounds of gold and blue (lapis or cobalt), bordered in blue band with diamonds or crosses and surmounted by a small scalloped dome in similar design, itself surmounted by tall vertical stalks (tīgh) ; written area in opening section surrounded by a gold frame with devisions within also defined by gold bands ; in some sections headings (mainly poets' names) rubricated (see p.150, etc.) or chyrsographed (see p.172) ; extensive use of decorative papers (silhouette, marbled, gold-flecked, tinted, etc.) including one case where the calligraphic inscription has been cut away from a marbled paper and applied over a tinted leaf underneath (see p.124).</subfield></datafield><datafield tag="500" ind1=" " ind2=" "><subfield code="a">Script: Mainly nastaʻlīq (talik) and naskh ; elegant, even calligraphic Ottoman hands ; larger talik, thuluth and riqāʻ (see p.120, etc.), divani, etc. appear in some of the calligraphic inscriptions.</subfield></datafield><datafield tag="500" ind1=" " ind2=" "><subfield code="a">Layout: Highly variable, though some consistency according to calligraphic style employed ; in opening section written area divided to two columns with 10 lines (single hemistich to a line) on the diagonal per column and poet's name above, then a similar arrangement of lines in three larger columns (see p.24), followed by the smaller arrangment in two columns (see p.31), etc. ; an arrangment of 12-14 lines in two large columns also appears (see p.37, etc.) with some lines on the diagonal and others not ; another arrangement features 8 large lines (see p.87) ; still another features 25 hemistiches in 15 lines (see p.93, etc.).</subfield></datafield><datafield tag="500" ind1=" " ind2=" "><subfield code="a">Collation: I (2), III+1 (9), V-1 (18), V (28), III (34), IV (42), I+1 (45), IV (53), V-1 (62), 2 IV(78), 2 V(98), 2 III(110), I (112) ; pagination in pencil, Western numerals, supplied during digitization (includes added leaves at opening and close of codex and the separate pieces of a leaf torn in three, see pp.109-110, 111-112, 113-114).</subfield></datafield><datafield tag="500" ind1=" " ind2=" "><subfield code="a">Incipit: "در جفا نیست احتیار ترا آزمودم هزار بار ترا ..."</subfield></datafield><datafield tag="500" ind1=" " ind2=" "><subfield code="a">Title from inscription on added leaf (p.5).</subfield></datafield><datafield tag="500" ind1=" " ind2=" "><subfield code="a">Ms. composite codex.</subfield></datafield><datafield tag="520" ind1="8" ind2=" "><subfield code="a">Elegant collection (majmūʻah / mecmua) featuring poetry in Persian and Ottoman Turkish, as well samples of fine calligraphy. Contributions to the cataloguing from Yasin Şale.</subfield></datafield><datafield tag="538" ind1=" " ind2=" "><subfield code="a">Mode of access: Internet.</subfield></datafield><datafield tag="541" ind1=" " ind2=" "><subfield code="c">Purchase ;</subfield><subfield code="a">Acquired by purchase (funds donated by Horace Rackham).</subfield><subfield code="d">1924.</subfield></datafield><datafield tag="546" ind1=" " ind2=" "><subfield code="a">Persian and Ottoman Turkish.</subfield></datafield><datafield tag="561" ind1=" " ind2=" "><subfield code="a">Several inscriptions on added leaves (pp.6-7) in praise of Hasan Paşa, governor of Baghdad (r.1724-1723) ; calligraphic inscription in large divani (dīwānī) script on p.9 seemingly dated 1049 [1639 or 40] as is inscription in an elegant naskh on p.11 ; numerous seal impressions appear scattered throughout, including octagonal seal impression on incipit and facing page (pp.20-21), circular and small almond-shaped seal impressions on p.21, oval seal impression on p.22, etc.</subfield></datafield><datafield tag="650" ind1=" " ind2="0"><subfield code="a">Manuscripts, Turkish</subfield><subfield code="z">Michigan</subfield><subfield code="z">Ann Arbor.</subfield></datafield><datafield tag="650" ind1=" " ind2="0"><subfield code="a">Manuscripts, Persian</subfield><subfield code="z">Michigan</subfield><subfield code="z">Ann Arbor.</subfield></datafield><datafield tag="650" ind1=" " ind2="0"><subfield code="a">Persian poetry</subfield><subfield code="v">Early works to 1800.</subfield></datafield><datafield tag="650" ind1=" " ind2="0"><subfield code="a">Calligraphy, Persian</subfield><subfield code="v">Early works to 1800.</subfield></datafield><datafield tag="655" ind1=" " ind2="7"><subfield code="a">Headpieces (layout features)</subfield><subfield code="y">17th century.</subfield><subfield code="2">aat</subfield></datafield><datafield tag="700" ind1="0" ind2=" "><subfield code="a">Abdülhamid</subfield><subfield code="b">II,</subfield><subfield code="c">Sultan of the Turks,</subfield><subfield code="d">1842-1918,</subfield><subfield code="e">former owner.</subfield></datafield><datafield tag="773" ind1="0" ind2=" "><subfield code="a">Abdul Hamid Collection.</subfield></datafield><datafield tag="880" ind1="0" ind2="0"><subfield code="6">245-03/</subfield><subfield code="a">مجموعۀ اشعار وانواع خطوط,</subfield><subfield code="f">[القرن 16 الى القرن 17م].</subfield></datafield><datafield tag="CID" ind1=" " ind2=" "><subfield code="a">006818023</subfield></datafield><datafield tag="DAT" ind1="0" ind2=" "><subfield code="a">20190719102639.0</subfield><subfield code="b">20190719000000.0</subfield></datafield><datafield tag="DAT" ind1="1" ind2=" "><subfield code="a">20190719090653.0</subfield><subfield code="b">2019-07-19T16:12:02Z</subfield></datafield><datafield tag="DAT" ind1="2" ind2=" "><subfield code="a">2015-10-02T18:00:03Z</subfield></datafield><datafield tag="CAT" ind1=" " ind2=" "><subfield code="a">SDR-MIU</subfield><subfield code="d">EX LIBRIS - ALEPH</subfield><subfield code="l">prepare.pl-004-008</subfield></datafield><datafield tag="FMT" ind1=" " ind2=" "><subfield code="a">BK</subfield></datafield><datafield tag="HOL" ind1=" " ind2=" "><subfield code="0">sdr-miu006818023</subfield><subfield code="a">MiU</subfield><subfield code="b">SDR</subfield><subfield code="c">MIU</subfield><subfield code="p">mdp.39015079129808</subfield><subfield code="s">MIU</subfield><subfield code="1">006818023</subfield></datafield><datafield tag="974" ind1=" " ind2=" "><subfield code="b">MIU</subfield><subfield code="c">MIU</subfield><subfield code="d">20190719</subfield><subfield code="s">lit-dlps-dc</subfield><subfield code="u">mdp.39015079129808</subfield><subfield code="y">1640</subfield><subfield code="r">pd</subfield><subfield code="q">bib</subfield><subfield code="t">non-US bib date2, date type m &lt; 1879</subfield></datafield></record></collection>